@BOOK{abntex_tutorial_2014,
  title={A classe abntex2:Documentos técnicos e científicos brasileiros compatíveis com as normas ABNT}, %% Titulo do Livro
  author={Araujo, Lucas Cesar},  %% Segundo nome seguido do primeiro
  year={2014},                                                                         %% Ano
  name = {Lucas Cesar Araujo}
  editor={Equipe \abnTeX \url{http://abntex2.googlecode.com/}},               %% Editora
  place={?},                                                                           %% Cidade, estado Pais
  pages={37}                                                                           %% Paginas
}
